../bib/mendeley_6_24_21.bib